%% Angular Distribution of B->PPll
@article{Lee:1992ih,
      author         = "Lee, Clarence L.Y. and Lu, Ming and Wise, Mark B.",
      title          = "{B(l4) and D(l4) decay}",
      journal        = "Phys.Rev.",
      volume         = "D46",
      pages          = "5040-5048",
      doi            = "10.1103/PhysRevD.46.5040",
      year           = "1992",
      reportNumber   = "CALT-68-1771",
      SLACcitation   = "%%CITATION = PHRVA,D46,5040;%%",
}

%% Angular Distriution of B->Kll (complete basis)
@article{Bobeth:2007dw,
      author         = "Bobeth, Christoph and Hiller, Gudrun and Piranishvili,
                        Giorgi",
      title          = "{Angular distributions of anti-B ---&gt; K anti-l l
                        decays}",
      journal        = "JHEP",
      volume         = "0712",
      pages          = "040",
      doi            = "10.1088/1126-6708/2007/12/040",
      year           = "2007",
      eprint         = "0709.4174",
      archivePrefix  = "arXiv",
      primaryClass   = "hep-ph",
      reportNumber   = "DO-TH-07-07",
      SLACcitation   = "%%CITATION = ARXIV:0709.4174;%%",
}

%% Angular Distribution of B->K^*ll (complete basis)
@article{Bobeth:2012vn,
      author         = "Bobeth, Christoph and Hiller, Gudrun and van Dyk, Danny",
      title          = "{General Analysis of B -&gt; K^(*) l^+ l^- Decays at Low
                        Recoil}",
      year           = "2012",
      eprint         = "1212.2321",
      archivePrefix  = "arXiv",
      primaryClass   = "hep-ph",
      reportNumber   = "DO-TH-12-16, EOS-2012-02, SI-HEP-2012-21, QFET-2012-02",
      SLACcitation   = "%%CITATION = ARXIV:1212.2321;%%",
}
%% Angular Distribution of Lambda_b->Lambdall (SM+SM' basis)
@article{Boeer:2014xx,
      author         = "{B\"oer}, Philipp and Feldmann, Thorsten and {van Dyk}, Danny",
      title          = "{Angular Analysis of the Decay $\Lambda_b\to \Lambda(\to N \pi)\ell^+\ell^-$}",
      year           = "2014",
      eprint         = "SI-HEP-2014-xx",
}

%% S-Wave effects in B->K^*ll
@article{Blake:2012mb,
      author         = "Blake, Thomas and Egede, Ulrik and Shires, Alex",
      title          = "{The effect of S-wave interference on the $B^0 \to
                        K^{\ast 0}\ell^+\ell^-$ angular observables}",
      year           = "2012",
      eprint         = "1210.5279",
      archivePrefix  = "arXiv",
      primaryClass   = "hep-ph",
      reportNumber   = "IC-HEP-12-03",
      SLACcitation   = "%%CITATION = ARXIV:1210.5279;%%",
}

%% Angular analysis (experiment)
@article{Aaij:2013iag,
      author         = "Aaij, R. and others",
      title          = "{Differential branching fraction and angular analysis of
                        the decay $B^{0} \to K^{*0} \mu^{+}\mu^{-}$}",
      collaboration  = "LHCb Collaboration",
      journal        = "JHEP",
      volume         = "1308",
      pages          = "131",
      doi            = "10.1007/JHEP08(2013)131",
      year           = "2013",
      eprint         = "1304.6325",
      archivePrefix  = "arXiv",
      reportNumber   = "LHCB-PAPER-2013-019",
      SLACcitation   = "%%CITATION = ARXIV:1304.6325;%%",
}
